
% Journals

% First the Full Name is given, then the abbreviation used in the AMS Math
% Reviews, with an indication if it could not be found there.
% Note the 2nd overwrites the 1st, so swap them if you want the full name.

%Entries

@inproceedings{schwind2018virtual,
  title={Virtual reality on the go?: a study on social acceptance of VR glasses},
  author={Schwind, Valentin and Reinhardt, Jens and Rzayev, Rufat and Henze, Niels and Wolf, Katrin},
  booktitle={Proceedings of the 20th International Conference on Human-Computer Interaction with Mobile Devices and Services Adjunct},
  pages={111--118},
  year={2018},
  organization={ACM}
}

@article{kelly2016wear,
  title={The WEAR Scale: Development of a measure of the social acceptability of a wearable device},
  author={Kelly, Norene},
  year={2016},
  publisher={Iowa State University}
}

@inproceedings{rico2010usable,
  title={Usable gestures for mobile interfaces: evaluating social acceptability},
  author={Rico, Julie and Brewster, Stephen},
  booktitle={Proceedings of the SIGCHI Conference on Human Factors in Computing Systems},
  pages={887--896},
  year={2010},
  organization={ACM}
}

@article{schwind2019understanding,
  title={Understanding the Social Acceptability of Mobile Devices using the Stereotype Content Model},
  author={Schwind, Valentin and Deierlein, Niklas and Poguntke, Romina and Henze, Niels},
  year={2019}
}

@inproceedings{kelly2018wearer,
  title={The Wearer, the Device, and Its Use: Advances in Understanding the Social Acceptability of Wearables},
  author={Kelly, Norene and Gilbert, Stephen B},
  booktitle={Proceedings of the Human Factors and Ergonomics Society Annual Meeting},
  volume={62},
  number={1},
  pages={1027--1031},
  year={2018},
  organization={SAGE Publications Sage CA: Los Angeles, CA}
}

